
    <zs:record>
      <zs:recordSchema/>
      <zs:recordPacking>xml</zs:recordPacking>
      <zs:recordData>
        <record xmlns="http://www.loc.gov/MARC21/slim">
          <leader>05349cam a22005177i 4500</leader>
          <controlfield tag="001">21965468</controlfield>
          <controlfield tag="005">20210717154630.0</controlfield>
          <controlfield tag="008">210330s2020    xnaac  g b    011 0 eng d</controlfield>
          <datafield tag="906" ind1=" " ind2=" ">
            <subfield code="a">7</subfield>
            <subfield code="b">cbc</subfield>
            <subfield code="c">copycat</subfield>
            <subfield code="d">3</subfield>
            <subfield code="e">ncip</subfield>
            <subfield code="f">20</subfield>
            <subfield code="g">y-gencatlg</subfield>
          </datafield>
          <datafield tag="925" ind1="0" ind2=" ">
            <subfield code="a">acquire</subfield>
            <subfield code="b">1 shelf copy</subfield>
            <subfield code="x">policy default</subfield>
          </datafield>
          <datafield tag="955" ind1=" " ind2=" ">
            <subfield code="b">hc17 2021-03-30 z-processor</subfield>
            <subfield code="i">hc17 2021-04-16 to CALM</subfield>
            <subfield code="a">hc11 2021-07-17 (reviewed)</subfield>
          </datafield>
          <datafield tag="010" ind1=" " ind2=" ">
            <subfield code="a">  2020445509</subfield>
          </datafield>
          <datafield tag="020" ind1=" " ind2=" ">
            <subfield code="a">9781741741490</subfield>
            <subfield code="q">(hardcover)</subfield>
          </datafield>
          <datafield tag="020" ind1=" " ind2=" ">
            <subfield code="z">9781760761592</subfield>
            <subfield code="q">(THA edition)</subfield>
          </datafield>
          <datafield tag="035" ind1=" " ind2=" ">
            <subfield code="a">(OCoLC)on1144719563</subfield>
          </datafield>
          <datafield tag="040" ind1=" " ind2=" ">
            <subfield code="a">YDX</subfield>
            <subfield code="b">eng</subfield>
            <subfield code="c">YDX</subfield>
            <subfield code="e">rda</subfield>
            <subfield code="d">OCLCQ</subfield>
            <subfield code="d">ERASA</subfield>
            <subfield code="d">UKMGB</subfield>
            <subfield code="d">OCLCO</subfield>
            <subfield code="d">OCLCF</subfield>
            <subfield code="d">NZAUC</subfield>
            <subfield code="d">OCLCO</subfield>
            <subfield code="d">ANV</subfield>
            <subfield code="d">OCLCO</subfield>
            <subfield code="d">OCL</subfield>
            <subfield code="d">DLC</subfield>
          </datafield>
          <datafield tag="042" ind1=" " ind2=" ">
            <subfield code="a">lccopycat</subfield>
          </datafield>
          <datafield tag="043" ind1=" " ind2=" ">
            <subfield code="a">u-at---</subfield>
          </datafield>
          <datafield tag="050" ind1="0" ind2="0">
            <subfield code="a">ND1105.S7</subfield>
            <subfield code="b">A4 2020</subfield>
          </datafield>
          <datafield tag="245" ind1="0" ind2="0">
            <subfield code="a">Streeton /</subfield>
            <subfield code="c">edited by Wayne Tunnicliffe.</subfield>
          </datafield>
          <datafield tag="264" ind1=" " ind2="1">
            <subfield code="a">Sydney, N.S.W. :</subfield>
            <subfield code="b">Art Gallery of New South Wales,</subfield>
            <subfield code="c">2020</subfield>
          </datafield>
          <datafield tag="300" ind1=" " ind2=" ">
            <subfield code="a">383 pages :</subfield>
            <subfield code="b">illustrations (some color), portraits ;</subfield>
            <subfield code="c">29 cm</subfield>
          </datafield>
          <datafield tag="336" ind1=" " ind2=" ">
            <subfield code="a">text</subfield>
            <subfield code="b">txt</subfield>
            <subfield code="2">rdacontent</subfield>
          </datafield>
          <datafield tag="337" ind1=" " ind2=" ">
            <subfield code="a">unmediated</subfield>
            <subfield code="b">n</subfield>
            <subfield code="2">rdamedia</subfield>
          </datafield>
          <datafield tag="338" ind1=" " ind2=" ">
            <subfield code="a">volume</subfield>
            <subfield code="2">rdacarrier</subfield>
          </datafield>
          <datafield tag="504" ind1=" " ind2=" ">
            <subfield code="a">Includes bibliographical references (pages 365-367) and index.</subfield>
          </datafield>
          <datafield tag="505" ind1="0" ind2=" ">
            <subfield code="a">Introducing Arthur Streeton / Wayne Tunnicliffe -- The new painting / Wayne Tunnicliffe -- The 9 by 5 impressions / Allison Goudie -- Summers at Heidelberg / Jane Clark -- 'An artist city': Streeton in Sydney / Denise Mimmocchi -- Further afield / / Wayne Tunnicliffe -- Streeton's symbolism / Denise Mimmocchi -- 'Some of the Cairo brightness' / Emma Kindred -- Streeton's England / Anne Gray -- Australia Felix / Nick Yelverton -- 'Arthur Streeton's Venice' / Roger Benjamin -- Painting the Somme / Andrew Yip -- The big picture: National landscapes / / Wayne Tunnicliffe -- The golden city / Hannah Hutchinson -- Still-life and the life beneath / Paula Dredge and Simon Ives -- Beware of the Axe / Tim Bonyhady.</subfield>
          </datafield>
          <datafield tag="520" ind1=" " ind2=" ">
            <subfield code="a">Australian artist Arthur Streeton (1867-1943) produced remarkable evocations of light and the landscape and he remains one of the most enduring and popular painters in Australian art. From his early twenties Streeton's exceptional abilities as a painter were evident in works such as 'Still glides the stream, and shall for ever glide' 1890 collected by the Art Gallery of NSW the year he painted it at the age of 22. His skill saw him adapt his mark-making to his purpose as he set solid elements as rocks, land and structures against ephemeral smoke, clouds and rain showers. His sun-drenched impressionist landscapes from the 1880s, joyful depictions of Sydney beaches and harbour in the 1890s, and pastoral paintings from the 1920s and 30s continue to define an image of our unique environment for many Australians. Streeton is the first major book on the artists since 1995. With essays by authors including Tim Bonyhady, Jane Clark and Roger Benjamin, as well as museum curators, the book features his much-loved Australian paintings as well as works from Streeton's international career painting in Egypt, Venice, England, Italy and the battlefields of First World War France, covering his practice from 1885 to 1940. Streeton explores the, at times, conflicted drives that underlie the artist's work, particularly the tension between his youthful embrace of challenging new ideas in art and his later turning to an even earlier interest in the conventions of the academy. Streeton explores the artist's return to Australia in the 1920s after two decades in London and considers the inclusions and exclusions from the nationalist narratives and conservative commentary which arose around Streeton's practice, but which was not endorsed by Streeton himself. A key focus is Streeton's deep concern about the destruction of our forests and the degradation of our waterways, heralding our conservation and climate-change debates today. Streeton also explores the artist's use of materials to depict the materiality of his environment - whether natural or built or both. His interest in landscape is far less idyllic than it may first appear as he depicts labour and industry (rail, roads, bridges, shipping) and marks the passage of time when painting new buildings, deforestation and transport developments in locations he had painted previously.--</subfield>
            <subfield code="c">Source other than Library of Congress.</subfield>
          </datafield>
          <datafield tag="536" ind1=" " ind2=" ">
            <subfield code="a">The book has been published by the Art Gallery of New South Wales with Thames &amp; Hudson Australia and generously supported by the Dr Lee McCormick Edwards Charitable Foundation.</subfield>
          </datafield>
          <datafield tag="585" ind1=" " ind2=" ">
            <subfield code="a">Exhibition: "Streeton," organized by Art Gallery of New South Wales, Sydney, Australia,  07.11.2020 to 14.02.2021.</subfield>
          </datafield>
          <datafield tag="600" ind1="1" ind2="0">
            <subfield code="a">Streeton, Arthur,</subfield>
            <subfield code="c">Sir,</subfield>
            <subfield code="d">1867-1943.</subfield>
          </datafield>
          <datafield tag="700" ind1="1" ind2=" ">
            <subfield code="a">Tunnicliffe, Wayne,</subfield>
            <subfield code="e">editor,</subfield>
            <subfield code="e">contributor.</subfield>
          </datafield>
          <datafield tag="700" ind1="1" ind2=" ">
            <subfield code="a">Goudie, Allison,</subfield>
            <subfield code="e">contributor.</subfield>
          </datafield>
          <datafield tag="700" ind1="1" ind2=" ">
            <subfield code="a">Clark, Jane,</subfield>
            <subfield code="d">1955-</subfield>
            <subfield code="e">contributor.</subfield>
          </datafield>
          <datafield tag="700" ind1="1" ind2=" ">
            <subfield code="a">Mimmocchi, Denise,</subfield>
            <subfield code="e">contributor.</subfield>
          </datafield>
          <datafield tag="700" ind1="1" ind2=" ">
            <subfield code="a">Kindred, Emma,</subfield>
            <subfield code="e">contributor.</subfield>
          </datafield>
          <datafield tag="700" ind1="1" ind2=" ">
            <subfield code="a">Gray, Anne,</subfield>
            <subfield code="d">1947-</subfield>
            <subfield code="e">contributor.</subfield>
          </datafield>
          <datafield tag="700" ind1="1" ind2=" ">
            <subfield code="a">Yelverton, Nick,</subfield>
            <subfield code="e">contributor.</subfield>
          </datafield>
          <datafield tag="700" ind1="1" ind2=" ">
            <subfield code="a">Benjamin, Roger,</subfield>
            <subfield code="d">1957-</subfield>
            <subfield code="e">contributor.</subfield>
          </datafield>
          <datafield tag="700" ind1="1" ind2=" ">
            <subfield code="a">Yip, Andrew</subfield>
            <subfield code="q">(Andrew S.),</subfield>
            <subfield code="e">contributor.</subfield>
          </datafield>
          <datafield tag="700" ind1="1" ind2=" ">
            <subfield code="a">Hutchison, Hannah,</subfield>
            <subfield code="e">contributor.</subfield>
          </datafield>
          <datafield tag="700" ind1="1" ind2=" ">
            <subfield code="a">Dredge, Paula,</subfield>
            <subfield code="e">contributor.</subfield>
          </datafield>
          <datafield tag="700" ind1="1" ind2=" ">
            <subfield code="a">Ives, Simon,</subfield>
            <subfield code="e">contributor.</subfield>
          </datafield>
          <datafield tag="700" ind1="1" ind2=" ">
            <subfield code="a">Bonyhady, Tim,</subfield>
            <subfield code="e">contributor.</subfield>
          </datafield>
          <datafield tag="710" ind1="2" ind2=" ">
            <subfield code="a">Art Gallery of New South Wales,</subfield>
            <subfield code="e">publisher.</subfield>
          </datafield>
          <datafield tag="923" ind1=" " ind2=" ">
            <subfield code="a">Exchange</subfield>
            <subfield code="s">Art Gallery of New South Wales</subfield>
          </datafield>
        </record>
      </zs:recordData>
      <zs:recordPosition>4</zs:recordPosition>
    </zs:record>