
    <zs:record>
      <zs:recordSchema/>
      <zs:recordPacking>xml</zs:recordPacking>
      <zs:recordData>
        <record xmlns="http://www.loc.gov/MARC21/slim">
          <leader>01301cam a22003257a 4500</leader>
          <controlfield tag="001">14272342</controlfield>
          <controlfield tag="005">20060405175457.0</controlfield>
          <controlfield tag="008">060221s2005    at            000 0 eng d</controlfield>
          <datafield tag="906" ind1=" " ind2=" ">
            <subfield code="a">7</subfield>
            <subfield code="b">cbc</subfield>
            <subfield code="c">copycat</subfield>
            <subfield code="d">3</subfield>
            <subfield code="e">ncip</subfield>
            <subfield code="f">20</subfield>
            <subfield code="g">y-gencatlg</subfield>
          </datafield>
          <datafield tag="925" ind1="0" ind2=" ">
            <subfield code="a">acquire</subfield>
            <subfield code="b">2 shelf copies</subfield>
            <subfield code="x">policy default</subfield>
          </datafield>
          <datafield tag="955" ind1=" " ind2=" ">
            <subfield code="a">nb09 2006-02-21 z-processor (Copy 1) forwarded to ASCD for processing;</subfield>
            <subfield code="a">jx00 2006-03-14</subfield>
            <subfield code="i">jx13 2006-04-05</subfield>
            <subfield code="e">jx13 2006-04-05 to BCCD</subfield>
          </datafield>
          <datafield tag="010" ind1=" " ind2=" ">
            <subfield code="a">  2006373045</subfield>
          </datafield>
          <datafield tag="020" ind1=" " ind2=" ">
            <subfield code="a">0949215422</subfield>
          </datafield>
          <datafield tag="037" ind1=" " ind2=" ">
            <subfield code="b">Bendigo Art Gallery, 42 View Street, Bendigo Vic 3550</subfield>
          </datafield>
          <datafield tag="040" ind1=" " ind2=" ">
            <subfield code="a">ANL</subfield>
            <subfield code="b">eng</subfield>
            <subfield code="c">DLC</subfield>
            <subfield code="d">ANL</subfield>
            <subfield code="d">DLC</subfield>
          </datafield>
          <datafield tag="042" ind1=" " ind2=" ">
            <subfield code="a">lccopycat</subfield>
          </datafield>
          <datafield tag="043" ind1=" " ind2=" ">
            <subfield code="a">u-at-vi</subfield>
          </datafield>
          <datafield tag="050" ind1="0" ind2="0">
            <subfield code="a">N7400</subfield>
            <subfield code="b">.T695 2005</subfield>
          </datafield>
          <datafield tag="082" ind1="0" ind2="4">
            <subfield code="a">709.94</subfield>
            <subfield code="2">22</subfield>
          </datafield>
          <datafield tag="245" ind1="0" ind2="0">
            <subfield code="a">Town &amp; country :</subfield>
            <subfield code="b">portraits of colonial homes &amp; gardens /</subfield>
            <subfield code="c">edited and with an introduction by Tracy Cooper-Lavery with essays by Jane Clark and James Broadbent.</subfield>
          </datafield>
          <datafield tag="246" ind1="3" ind2="3">
            <subfield code="a">Town and country</subfield>
          </datafield>
          <datafield tag="260" ind1=" " ind2=" ">
            <subfield code="a">Bendigo, Vic. :</subfield>
            <subfield code="b">Bendigo Art Gallery,</subfield>
            <subfield code="c">2005.</subfield>
          </datafield>
          <datafield tag="300" ind1=" " ind2=" ">
            <subfield code="a">56 p. :</subfield>
            <subfield code="b">col. ill. ;</subfield>
            <subfield code="c">17 x 22 cm.</subfield>
          </datafield>
          <datafield tag="500" ind1=" " ind2=" ">
            <subfield code="a">Exhibition catalogue.</subfield>
          </datafield>
          <datafield tag="500" ind1=" " ind2=" ">
            <subfield code="a">"A Bendigo Art Gallery travelling exhibition" --Cover.</subfield>
          </datafield>
          <datafield tag="650" ind1=" " ind2="0">
            <subfield code="a">Art, Colonial</subfield>
            <subfield code="z">Australia</subfield>
            <subfield code="v">Exhibitions.</subfield>
          </datafield>
          <datafield tag="700" ind1="1" ind2=" ">
            <subfield code="a">Cooper-Lavery, Tracy.</subfield>
          </datafield>
          <datafield tag="700" ind1="1" ind2=" ">
            <subfield code="a">Clark, Jane,</subfield>
            <subfield code="d">1955-</subfield>
          </datafield>
          <datafield tag="700" ind1="1" ind2=" ">
            <subfield code="a">Broadbent, James.</subfield>
          </datafield>
          <datafield tag="923" ind1=" " ind2=" ">
            <subfield code="d">20060113</subfield>
            <subfield code="n">1524684</subfield>
            <subfield code="s">Bennett</subfield>
          </datafield>
        </record>
      </zs:recordData>
      <zs:recordPosition>5</zs:recordPosition>
    </zs:record>