
    <zs:record>
      <zs:recordSchema/>
      <zs:recordPacking>xml</zs:recordPacking>
      <zs:recordData>
        <record xmlns="http://www.loc.gov/MARC21/slim">
          <leader>01634cam a2200373 a 4500</leader>
          <controlfield tag="001">12786728</controlfield>
          <controlfield tag="005">20150224111136.0</controlfield>
          <controlfield tag="008">020523s2002    at a     bc   000 0 eng  </controlfield>
          <datafield tag="906" ind1=" " ind2=" ">
            <subfield code="a">7</subfield>
            <subfield code="b">cbc</subfield>
            <subfield code="c">orignew</subfield>
            <subfield code="d">3</subfield>
            <subfield code="e">ncip</subfield>
            <subfield code="f">20</subfield>
            <subfield code="g">y-gencatlg</subfield>
          </datafield>
          <datafield tag="925" ind1="0" ind2=" ">
            <subfield code="a">acquire</subfield>
            <subfield code="b">1 shelf copy</subfield>
            <subfield code="x">policy default</subfield>
          </datafield>
          <datafield tag="925" ind1="1" ind2=" ">
            <subfield code="a">acquire</subfield>
            <subfield code="b">2 shelf copies</subfield>
            <subfield code="x">policy default</subfield>
          </datafield>
          <datafield tag="955" ind1=" " ind2=" ">
            <subfield code="a">NB09 2002-05-22 copy forwarded to ASCD for processing; jh00 2002-07-16;</subfield>
            <subfield code="a">jh09 c. 2 to BCCD 2003-10-29</subfield>
            <subfield code="c">jh32 2002-07-23 to Subj.</subfield>
            <subfield code="d">jh12 2002-07-26 /jh21 to SL</subfield>
            <subfield code="e">jp85 2002-08-15 to BCCD</subfield>
          </datafield>
          <datafield tag="955" ind1=" " ind2=" ">
            <subfield code="a">nb28 2003-05-28 Copy 2 to ASCD</subfield>
          </datafield>
          <datafield tag="010" ind1=" " ind2=" ">
            <subfield code="a">  2002327640</subfield>
          </datafield>
          <datafield tag="020" ind1=" " ind2=" ">
            <subfield code="a">073476328X</subfield>
          </datafield>
          <datafield tag="040" ind1=" " ind2=" ">
            <subfield code="a">DLC</subfield>
            <subfield code="c">DLC</subfield>
          </datafield>
          <datafield tag="042" ind1=" " ind2=" ">
            <subfield code="a">pcc</subfield>
          </datafield>
          <datafield tag="043" ind1=" " ind2=" ">
            <subfield code="a">u-at---</subfield>
            <subfield code="a">u-at-ne</subfield>
          </datafield>
          <datafield tag="050" ind1="0" ind2="0">
            <subfield code="a">N7400.2</subfield>
            <subfield code="b">.A72 2002</subfield>
          </datafield>
          <datafield tag="110" ind1="2" ind2=" ">
            <subfield code="a">Art Gallery of New South Wales.</subfield>
          </datafield>
          <datafield tag="245" ind1="1" ind2="0">
            <subfield code="a">Parallel visions :</subfield>
            <subfield code="b">works from the Australian collection  /</subfield>
            <subfield code="c">Barry Pearce ; with essays by Jane Clark ... [et al.].</subfield>
          </datafield>
          <datafield tag="260" ind1=" " ind2=" ">
            <subfield code="a">[New South Wales, Australia] :</subfield>
            <subfield code="b">Art Gallery of New South Wales,</subfield>
            <subfield code="c">2002.</subfield>
          </datafield>
          <datafield tag="300" ind1=" " ind2=" ">
            <subfield code="a">148 p. :</subfield>
            <subfield code="b">ill. (some col.) ;</subfield>
            <subfield code="c">29 cm.</subfield>
          </datafield>
          <datafield tag="500" ind1=" " ind2=" ">
            <subfield code="a">Published in conjunction with an exhibition held at the Art Gallery of New South Wales, Feb. 22-Dec. 30, 2002.</subfield>
          </datafield>
          <datafield tag="500" ind1=" " ind2=" ">
            <subfield code="a">Rupert Bunny and other artists.</subfield>
          </datafield>
          <datafield tag="504" ind1=" " ind2=" ">
            <subfield code="a">Includes bibliographical references (p. 140-141).</subfield>
          </datafield>
          <datafield tag="650" ind1=" " ind2="0">
            <subfield code="a">Art, Australian</subfield>
            <subfield code="y">20th century</subfield>
            <subfield code="v">Exhibitions.</subfield>
          </datafield>
          <datafield tag="650" ind1=" " ind2="0">
            <subfield code="a">Art</subfield>
            <subfield code="z">Australia</subfield>
            <subfield code="z">Sydney (N.S.W.)</subfield>
            <subfield code="v">Exhibitions.</subfield>
          </datafield>
          <datafield tag="610" ind1="2" ind2="0">
            <subfield code="a">Art Gallery of New South Wales</subfield>
            <subfield code="v">Exhibitions.</subfield>
          </datafield>
          <datafield tag="700" ind1="1" ind2=" ">
            <subfield code="a">Pearce, Barry.</subfield>
          </datafield>
          <datafield tag="700" ind1="1" ind2=" ">
            <subfield code="a">Clark, Jane,</subfield>
            <subfield code="d">1955-</subfield>
          </datafield>
          <datafield tag="700" ind1="1" ind2=" ">
            <subfield code="a">Bunny, Rupert,</subfield>
            <subfield code="d">1864-1947.</subfield>
          </datafield>
          <datafield tag="923" ind1=" " ind2=" ">
            <subfield code="s">Bennett</subfield>
            <subfield code="d">20020322</subfield>
            <subfield code="n">AS0102791</subfield>
          </datafield>
          <datafield tag="923" ind1=" " ind2=" ">
            <subfield code="a">exchange</subfield>
          </datafield>
        </record>
      </zs:recordData>
      <zs:recordPosition>7</zs:recordPosition>
    </zs:record>