
    <zs:record>
      <zs:recordSchema/>
      <zs:recordPacking>xml</zs:recordPacking>
      <zs:recordData>
        <record xmlns="http://www.loc.gov/MARC21/slim">
          <leader>01221cam a2200325 a 4500</leader>
          <controlfield tag="001">3076012</controlfield>
          <controlfield tag="005">19970508122920.1</controlfield>
          <controlfield tag="008">970219s1994    at a     b   f000 0 eng d</controlfield>
          <datafield tag="035" ind1=" " ind2=" ">
            <subfield code="9">(DLC)   97117177</subfield>
          </datafield>
          <datafield tag="906" ind1=" " ind2=" ">
            <subfield code="a">7</subfield>
            <subfield code="b">cbc</subfield>
            <subfield code="c">copycat</subfield>
            <subfield code="d">3</subfield>
            <subfield code="e">ncip</subfield>
            <subfield code="f">19</subfield>
            <subfield code="g">y-gencatlg</subfield>
          </datafield>
          <datafield tag="955" ind1=" " ind2=" ">
            <subfield code="a">ub04 2/19/97 to Cat.; jk00 02-21-97; jk23/jk05 to sl 03-11-97; jk14 03-19-97</subfield>
          </datafield>
          <datafield tag="010" ind1=" " ind2=" ">
            <subfield code="a">   97117177 </subfield>
          </datafield>
          <datafield tag="020" ind1=" " ind2=" ">
            <subfield code="a">0724101713</subfield>
          </datafield>
          <datafield tag="035" ind1=" " ind2=" ">
            <subfield code="a">(CStRLIN)MABA96-B883</subfield>
          </datafield>
          <datafield tag="040" ind1=" " ind2=" ">
            <subfield code="a">MBMu</subfield>
            <subfield code="c">MBMu</subfield>
            <subfield code="d">DLC</subfield>
          </datafield>
          <datafield tag="042" ind1=" " ind2=" ">
            <subfield code="a">lccopycat</subfield>
          </datafield>
          <datafield tag="050" ind1="0" ind2="4">
            <subfield code="a">ND1105.F6</subfield>
            <subfield code="b">A4 1994</subfield>
          </datafield>
          <datafield tag="100" ind1="1" ind2=" ">
            <subfield code="a">Zubans, Ruth.</subfield>
          </datafield>
          <datafield tag="245" ind1="1" ind2="0">
            <subfield code="a">E. Phillips Fox, 1865-1915 /</subfield>
            <subfield code="c">Ruth Zubans ; Jane Clark, organising curator for the Gallery.</subfield>
          </datafield>
          <datafield tag="260" ind1=" " ind2=" ">
            <subfield code="a">Melbourne, Vic. :</subfield>
            <subfield code="b">National Gallery of Victoria,</subfield>
            <subfield code="c">c1994.</subfield>
          </datafield>
          <datafield tag="300" ind1=" " ind2=" ">
            <subfield code="a">vi, 74 p. :</subfield>
            <subfield code="b">ill. (some col.) ;</subfield>
            <subfield code="c">30 cm.</subfield>
          </datafield>
          <datafield tag="500" ind1=" " ind2=" ">
            <subfield code="a">"Sponsored by Phillips Fox solicitors."</subfield>
          </datafield>
          <datafield tag="500" ind1=" " ind2=" ">
            <subfield code="a">"Supported by ViC television [and channel] 9."</subfield>
          </datafield>
          <datafield tag="504" ind1=" " ind2=" ">
            <subfield code="a">Includes bibliographical references (p. 74).</subfield>
          </datafield>
          <datafield tag="600" ind1="1" ind2="0">
            <subfield code="a">Fox, Emanuel Phillips,</subfield>
            <subfield code="d">1865-1915</subfield>
            <subfield code="x">Exhibitions.</subfield>
          </datafield>
          <datafield tag="700" ind1="1" ind2=" ">
            <subfield code="a">Fox, Emanuel Phillips,</subfield>
            <subfield code="d">1865-1915.</subfield>
          </datafield>
          <datafield tag="700" ind1="1" ind2=" ">
            <subfield code="a">Clark, Jane,</subfield>
            <subfield code="d">1955-</subfield>
          </datafield>
          <datafield tag="710" ind1="2" ind2=" ">
            <subfield code="a">National Gallery of Victoria.</subfield>
          </datafield>
          <datafield tag="922" ind1=" " ind2=" ">
            <subfield code="a">ax</subfield>
          </datafield>
          <datafield tag="991" ind1=" " ind2=" ">
            <subfield code="b">c-GenColl</subfield>
            <subfield code="h">ND1105.F6</subfield>
            <subfield code="i">A4 1994</subfield>
            <subfield code="t">Copy 1</subfield>
            <subfield code="w">BOOKS</subfield>
          </datafield>
        </record>
      </zs:recordData>
      <zs:recordPosition>22</zs:recordPosition>
    </zs:record>
  </zs:records>
  <zs:echoedSearchRetrieveRequest>
    <zs:version>1.1</zs:version>
    <zs:query>dc.creator="Clark, Jane"</zs:query>
    <zs:maximumRecords>100</zs:maximumRecords>
    <zs:recordPacking>xml</zs:recordPacking>
  </zs:echoedSearchRetrieveRequest>
</zs:searchRetrieveResponse>
